@book{book2011ahad_1,
  title={Computer vision and action recognition: a guide for image processing and computer vision community for action understanding},
  author={Ahad, Md Atiqur Rahman},
  volume={5},
  year={2011},
  publisher={Springer Science \& Business Media}
}
@inproceedings{oneata2013action_13,
  title={Action and event recognition with Fisher vectors on a compact feature set},
  author={Oneata, Dan and Verbeek, Jakob and Schmid, Cordelia},
  booktitle={Proceedings of the IEEE International Conference on Computer Vision},
  pages={1817--1824},
  year={2013}
}

@article{usha2014motion,
  title={MOTION DETECTION IN COMPRESSED VIDEO USING MACROBLOCK CLASSIFICATION},
  author={Usha, M.},
  journal={Advanced Computing},
  volume={5},
  number={2/3},
  pages={1},
  year={2014},
  publisher={Academy \& Industry Research Collaboration Center (AIRCC)}
}
