

@incollection
{knupfer2012score,
	title		={Score-P: A joint performance measurement run-time infrastructure for Periscope, Scalasca, TAU, and Vampir},
	author		={Kn{\"u}pfer, Andreas and R{\"o}ssel, Christian and an Mey, Dieter and Biersdorff, Scott and Diethelm, Kai and Eschweiler, Dominic and Geimer, Markus and Gerndt, Michael and Lorenz, Daniel and Malony, Allen and others},
	booktitle	={Tools for High Performance Computing 2011},
	pages		={79--91},
	year		={2012},
	publisher	={Springer}
}

@article
{saviankou2015cube,
	title		={Cube v4: from performance report explorer to performance analysis tool},
	author		={Saviankou, Pavel and Knobloch, Michael and Visser, Anke and Mohr, Bernd},
	journal		={Procedia Computer Science},
	volume		={51},
	pages		={1343--1352},
	year		={2015},
	publisher	={Elsevier}
}

@inproceedings{zhukov2013assessing,
	title		={Assessing measurement and analysis performance and scalability of scalasca 2.0},
	author		={Zhukov, Ilya and Wylie, Brian JN},
	booktitle	={European Conference on Parallel Processing},
	pages		={627--636},
	year		={2013},
	organization={Springer Berlin Heidelberg}
}

@article
{robison2012cilk,
	title		={Cilk plus: Language support for thread and vector parallelism},
	author		={Robison, Arch D},
	journal		={Talk at HP-CAST},
	volume		={18},
	pages		={25},
	year		={2012}
}

@article
{lu2003performance,
	title		={Performance study of iSCSI-based storage subsystems},
	author		={Lu, Yingping and Du, David HC},
	journal		={IEEE communications magazine},
	volume		={41},
	number		={8},
	pages		={76--82},
	year		={2003},
	publisher	={IEEE}
}

@inproceedings
{petrovic2015performance,
	title		={On the performance of delegation over cache-coherent shared memory},
	author		={Petrovi{\'c}, Darko and Ropars, Thomas and Schiper, Andr{\'e}},
	booktitle	={Proceedings of the 2015 International Conference on Distributed Computing and Networking},
	pages		={17},
	year		={2015},
	organization={ACM}
}

@inproceedings{ghane2015false,
	title		={False Sharing Detection in OpenMP Applications Using OMPT API},
	author		={Ghane, Millad and Malik, Abid M and Chapman, Barbara and Qawasmeh, Ahmad},
	booktitle	={International Workshop on OpenMP},
	pages		={102--114},
	year		={2015},
	organization={Springer}
}

@inproceedings
{robertson2003run,
	title		={Run-time Detection of Heap-based Overflows.},
	author		={Robertson, William K and Kruegel, Christopher and Mutz, Darren and Valeur, Fredrik},
	booktitle	={LISA},
	volume		={3},
	pages		={51--60},
	year		={2003}
}

@misc{pedersen1998method,
	title		={Method for supporting an extensible and dynamically bindable protocol stack in a distrubited process system},
	author		={Pedersen, Bradley J and Perry, Werner Kurt},
	year		={1998},
	month		=oct # "~20",
	publisher	={Google Patents},
	note		={US Patent 5,826,027}
}

@inproceedings{valois1995lock,
	title		={Lock-free linked lists using compare-and-swap},
	author		={Valois, John D},
	booktitle	={Proceedings of the fourteenth annual ACM symposium on Principles of distributed computing},
	pages		={214--222},
	year		={1995},
	organization={ACM}
}

@inproceedings{bhattacharya2003asynchronous,
	title		={Asynchronous I/O support in Linux 2.5},
	author		={Bhattacharya, Suparna and Pratt, Steven and Pulavarty, Badari and Morgan, Janet},
	booktitle	={Proceedings of the Linux Symposium},
	pages		={371--386},
	year		={2003}
}

@inproceedings{patterson1994exposing,
	title		={Exposing I/O concurrency with informed prefetching},
	author		={Patterson, R Hugo and Gibson, Garth A},
	booktitle	={Parallel and Distributed Information Systems, 1994., Proceedings of the Third International Conference on},
	pages		={7--16},
	year		={1994},
	organization={IEEE}
}

@inproceedings{ross2001case,
	title		={A case study in application I/O on Linux clusters},
	author		={Ross, Robert and Nurmi, Daniel and Cheng, Albert and Zingale, Michael},
	booktitle	={Proceedings of the 2001 ACM/IEEE conference on Supercomputing},
	pages		={11--11},
	year		={2001},
	organization={ACM}
}

@article{perarnau2011controlling,
	title		={Controlling Cache Utilization of HPC Applications},
	author		={Perarnau, Swann and Tchiboukdjian, Marc and Huard, Guillaume},
	year		={2011}
}

@article{magro2002hyper,
	title		={Hyper-Threading Technology: Impact on Compute-Intensive Workloads.},
	author		={Magro, William and Petersen, Paul and Shah, Sanjiv},
	journal		={Intel Technology Journal},
	volume		={6},
	number		={1},
	year		={2002}
}

@misc{stravers2013translation,
	title		={Translation lookaside buffer},
	author		={Stravers, Paulus and van de Waerdt, Jan-Willem},
	year		={2013},
	month		=dec # "~10",
	publisher	={Google Patents},
	note		={US Patent 8,607,026}
}

@inproceedings{tousimojarad2014comparison,
	title		={Comparison of Three Popular Parallel Programming Models on the Intel Xeon Phi.},
	author		={Tousimojarad, Ashkan and Vanderbauwhede, Wim},
	booktitle	={Euro-Par Workshops (2)},
	pages		={314--325},
	year		={2014}
}

@book{karniadakis2003parallel,
	title		={Parallel scientific computing in C++ and MPI: a seamless approach to parallel algorithms and their implementation},
	author		={Karniadakis, George Em and Kirby II, Robert M},
	year		={2003},
	publisher	={Cambridge University Press}
}

@inproceedings{langdon2014genetically,
	title		={Genetically improved CUDA C++ software},
	author		={Langdon, William B and Harman, Mark},
	booktitle	={European Conference on Genetic Programming},
	pages		={87--99},
	year		={2014},
	organization={Springer}
}

@inproceedings{zheng2014upc++,
	title		={UPC++: a PGAS extension for C++},
	author		={Zheng, Yili and Kamil, Amir and Driscoll, Michael B and Shan, Hongzhang and Yelick, Katherine},
	booktitle	={Parallel and Distributed Processing Symposium, 2014 IEEE 28th International},
	pages		={1105--1114},
	year		={2014},
	organization={IEEE}
}

@article{shende2006tau,
	title		={The TAU parallel performance system},
	author		={Shende, Sameer S and Malony, Allen D},
	journal		={The International Journal of High Performance Computing Applications},
	volume		={20},
	number		={2},
	pages		={287--311},
	year		={2006},
	publisher	={Sage Publications Sage CA: Thousand Oaks, CA}
}

@article{knupfer2008vampir,
	title		={The vampir performance analysis tool-set},
	author		={Kn{\"u}pfer, Andreas and Brunst, Holger and Doleschal, Jens and Jurenz, Matthias and Lieber, Matthias and Mickler, Holger and M{\"u}ller, Matthias S and Nagel, Wolfgang E},
	journal		={Tools for High Performance Computing},
	pages		={139--155},
	year		={2008},
	publisher	={Springer}
}

@online
{intelMooreLow,
	title		={Fifty Years of Moore's Law, \url{https://www.intel.com/content/www/us/en/silicon-innovations/moores-law-technology.html}},
	date		={2015},
	url			={https://www.intel.com/content/www/us/en/silicon-innovations/moores-law-technology.html}
}

@online
{wikipediaInstructionPipelining,
	title		={Instruction pipelining, \url{https://en.wikipedia.org/wiki/Instruction_pipelining}},
	date		={2015},
	url			={https://en.wikipedia.org/wiki/Instruction_pipelining}
}

@online
{wikipediaVectorProcessor,
	title		={Vector processor, \url{https://en.wikipedia.org/wiki/Vector_processor}},
	date		={2017},
	url			={https://en.wikipedia.org/wiki/Vector_processor}
}

@online
{wikipediaUNIX,
	title		={UNIX: multitasking, multiuser computer operating systems, \url{https://en.wikipedia.org/wiki/Unix}},
	date		={2017},
	url			={https://en.wikipedia.org/wiki/Unix}
}

@online
{just,
	title		={JUST: JUelich STorage Cluster, \url{http://www.fz-juelich.de/ias/jsc/EN/Expertise/Datamanagement/OnlineStorage/JUST/JUST_node.html}},
	date		={2017},
	url			={http://www.fz-juelich.de/ias/jsc/EN/Expertise/Datamanagement/OnlineStorage/JUST/JUST_node.html}
}
